@report{NFPAFireLoss,
	author = "Karter, Michael",
	title = "Fire Los in the United Stated During 2011",
	type = "Report",
	institution = "National Fire Protection Association,
	date = "September 2012,
}

@report{NFPAFFInjuries,
	author = "Karter, Michael J. and Molis, Joseph L.",
	title = "U.S. Firefighter Injuries - 2009",
	type = "Report",
	institution = "National Fire Protection Association,
	date = "October 2010",
}

@report{NFPALast30,
	author = "Fahy, Rita F. and LeBlac, Paul R. and Molis, Joseph L.",
	title = "What's Changes in the Past 30 Years?",
	type = "Report",
	institution = "National Fire Protection Association,
	date = "June 2007",
}

@article{ChangingResdFires_Kerber,
	author = "Kerber, Stephen",
	title = "Analysis of Changing Residential Fire Dynamics and its Implications on Firefighter Operational Timeframes",
	journaltitle = "Fire Technology",
	date = "November 4, 2012",
	OPTvolume = "48",
	OPTpages = "865-891",
}

@misc{HowToKeepFirefighterSafer_Goldfeder,
	ALTauthor = "Goldfeder, Billy",
	title = "2013: How to keep firefighters safer this year.",
	date = "January 2, 2013",
	url = "http://www.firerescue1.com/cod-company-officerdevelopment/
	articles/1386999-2013-How-to-keep-firefighters-safer-this-year/",
	OPTorganization = "FireRescue1",
}

@misc{SurbarbanFirefighting_Knapp,
	ALTauthor = "Knapp, Jerry",
	title = "Suburban Firefighting: UL Study on Ventilation and Fire Behavior",
	date = "June 15, 2001",
	url=http://www.fireengineering.com/articles/2011/06/ul-vent-study.html",
	OPTorganization = "Fire Engineering",
}

@article{One_Two_Family_Fires_Kerber,
	author = "Kerber, Stephen,
	title = "Analysis of One and Two Family Home Fire Dynamics and the Impact of Firefighter Horizontal Ventilation",
	journaltitle = "Fire Technology",
	date = "August 28, 2012",
	OPTVolume = "49",
	OPTpages = "857-889"
}

@report{UL_VerticalVent,
	author = "Kerber, Stephen",
	title = "Study of the Effectiveness of Fire Service Vertical Ventilation and Suppression Tactics in Single Family Homes",
	type = "Report",
	institution = "Underwriters Laboritories",
	date = "June 15, 2013"
}

@report{NFFF,
	author = "National Fallen Firefighter Foundation",
	title = "Report of the 2nd National Fire Service Research Agenda Symposium",
	type = "Report",
	institution = "National Fire Academy",
	date = "May 20-22, 2011",
}

@report{DHS2008,
	author = "Kerber, Stephen",
	title = "Impact of Ventilation on Fire Behavior in Legacy and Contemporary Residential Construction",
	type = "Report",
	institution = "Underwriters Laboratories",
	date = "December 14, 2010",
}

@report{DHS2010,
	author = "Kerber, Stephen",
	title = "Study of the Effectiveness of Fire Service Vertical Ventilation and Suppression Tactics in Single Family Homes",
	type = "Report",
	institution = "Underwriters Laboratories",
	date = "June 15, 2013",
}

@book{PPA_Garcia,
	author = "Kriss Garcia, ReinHard Kauffmann, Ray Schelble",
	title = "Positive Pressure Attack for Ventilation \& Firefighting",
	date = "2006",
	OPTpublisher = "PennWell Corporation",
	OPTlocation = "Tulsa, Oklahoma",
	OPTisbn = "978-1-59370-077-5",
}

@online{TempestWebsite,
	title = "How does PPV Work",
	date = "2014",
	url = "http://www.tempest.us.com/training/ppa-ppv-how-does-it-work.cfm",
	OPTorganization = "Tempest Technology Corporation.",
	OPTurldat",
	title = “Residential House Fire Claims the Life of One Career Firefighter – Florida”,
	type = "Report",
	institution = e = "December 28, 2015,
}

@manual{SuperVacManual,
	ALTauthor = "Super Vac",
	title = "Smoke Ventilation Training Manual",
	date = November 2011,
	OPTorganization = "Super Vacuum Manufacturing Company, Inc.,
	OPTpubstate = "Loveland, Colorado,
	OPTurl = "http://www.supervac.com/wp-content/uploads/2013/01/SV-Training-Manual.pdf",
	OPTurldate = "December 28, 2015",
}

@report{NIOSH F2000-44,
	author = "National Institute for Occupational Safety and Health",
	title = “F2000-44: Residential House Fire Claims the Life of One Career Firefighter – Florida”,
	type = "Report",
	institution = "National Institute for Occupational Safety and Health",
	date = "August 2, 2001",
}

@report{NIOSH 98F-32,
	author = "National Institute for Occupational Safety and Health",
	title = “Two Volunteer Firefighters Were Killed and One Injured During an Interior Attack in a Auto Salvage Storage Building”,
	type = "Report",
	institution = "National Institute for Occupational Safety and Health",
	date = "May 18. 1999",
}

@report{TexasFM FY07-02,
	author = "Texas Stage Fire Marshal's Office",
	title = “Investiagtion Number FY 07-02: Captain Kevin Williams, Firefighter Austin Cheek. Noonday Volunteer Fire Department”,
	type = "Report",
	institution = "Texas State Fire Marshal's Office Firefighter Fatality Investigation",
	date = "August 3, 2007",
}

@report{ContraCostaFalaityInvestigation ,
	author = "Contra Costa Fire Protection District",
	title = “Investigation Report: Michele Drive Line of Duty Deaths”,
	type = "Report",
	institution = "Contra Costa Fire Protection District",
	date = "July 21, 2007",
}

@report{NIOSH F2004-02,
	author = "National Institute for Occupational Safety and Health",
	title = “F2004-02: Basement Fire Claims the Life of Volunteer Firefighter - Massachuesetts”,
	type = "Report",
	institution = "National Institute for Occupational Safety and Health",
	date = "October 26, 2004",
}

@report{NIOSH F2002-12,
	author = "National Institute for Occupational Safety and Health",
	title = “F2002-12: Volunteer Firefighter Killed and Career Chief Injured During Residential House Fire - Tennessee”,
	type = "Report",
	institution = "National Institute for Occupational Safety and Health",
	date = "September 3, 2002",
}
