@inproceedings{SvenssonFireVentinLargeFireHall,
	author = {Svensson and Werling},
	title = {Experimental Study of Fire Ventilation Procedures in a Large Fire Hall},
	date = {2001},
}

@techreport{BowserTacticalVent,
	author = {Bowser et al},
	title = {Report of Tactical Ventilation Trials at The Fire Service College, Moreton-in-Marsh},
	type = {Report},
	date = {1998-07-27/1998-07-31},
}

@article{SvennsonFireVentilationDuringOperatoins,
author = {Svennson, Stefan},
title = {Experimental Study of Fire Ventilation During Fire Fighting Operations},
type = {Report},
journaltitle = {Fire Technology},
date = {2001},
}
@techreport{NIOSHF2004-02,
	author = {National Institute for Occupational Safety and Health},
	title = {F2004-02: Basement Fire Claims the Life of Volunteer Firefighter - Massachuesetts},
	type = {Report},
	institution = {National Institute for Occupational Safety and Health},
	date = {2004-10-26},
}
@techreport{NIOSHF2000_44,
	author={National Institute for Occupational Safety and Health},
	title ={F2000-44 "Residential House Fire Claims Life of One Career Firefighter-Florida"},
	type={report},
	institution = {National Institute for Occupational Safety and Health},
	date = {2001},}

@techreport{NIOSHF1998_32,
	author={National Institute for Occupational Safety and Health},
	title ={F1998-32 "Two Volunteer Fire Fighters Were Killed and One Fire Fighter and One Civilian Were Injured During an Interior Fire Attack in an Auto Salvage Storage Building- North Carolina"},
	type={report},
	institution = {National Institute for Occupational Safety and Health},
	date = {1999},}

@techreport{NIOSHF2002-12,
	author = {National Institute for Occupational Safety and Health},
	title = {F2002-12: Volunteer Firefighter Killed and Career Chief Injured During Residential House Fire - Tennessee},
	type = {Report},
	institution = {National Institute for Occupational Safety and Health},
	date = {2002-09-03},
}
@article{CarlsonFE,
author={Carlson, Gene},
title={Positive Pressure Ventilation: Some Questions},
journaltitle={Fire Engineering},
date={1989}
}

@manual{PhoenixPPVSOG,
author={City of Phoenix},
title={Phoenix Regional Standard Operating Procedures},
date={2004-08-24},
URL={http://phoenix.gov/FIRE/10212d.html}
}

@article{YatestheU,
author={Mark Yates},
title={The Winds of Change},
publisher={Coventry University},
date={2001}}

@article{StottApplyingpressure,
author={Stott, Richard},
title={Applying Pressure},
journal={Fire Prevention & Fire Engineers Journal},
date={2002}
}

@article{traditionvtechnology,
author={Cambell, C},
title={Positive Pressure Ventilation- Tradition Versus Technology},
journal={Fire International},
volume={16},
number={132},
date={1992}}

@article{TurpinBowserNatPerspective,
author={Turpin, Dave and Bowser, Graham},
title={National Perspective on Positive Pressure Ventilation},
journal={Fire},
date={1999},
volume={92},
number={1132}}

@article{KriskaPPA,
author={Kriska, John},
title={Proper Approach to US Positive Pressure Attacks},
journal={Fire},
date={1999},
volume={92},
number={1133}}

@article{GoldfelderCritCoord,
author={William Goldfeder},
title={Critical Coordination},
journal={Firehouse},
date={2003},
volume={28},
number={7},
}

@article{AdvancesinPPV,
author={Ziesler, P.S., Gunnerson, F.S., and Williams, S.K.},
title={Advances in Positive Pressure Ventilation: Live Fire Tests and Laboratory Simulation},
journal={Fire Technology},
date={1994},
volume={30},
number={2}
}

@article{powerofPPV,
author={Garcia, Kriss and Kauffmann, Reinhard},
title={The Power of POSITIVE PRESSURE},
journal={Fire Chief},
date={2005-9-1},
URL={http://firechief.com/mag/firefighting_power_positive_pressure}
}

@article{PositiveReinforcement,
author={Garcia, Kriss and Kauffmann, Reinhard},
title={Positive Reinforcement},
journal={Fire Chief},
date={2006-1-1},
URL={http://firechief.com/mag/firefighting_positive_reinforcement}
}

@article{TurgeonPPV,
author={Turgeon, Roland},
title={Using Positive Pressure Ventilation},
journal={The Canadian Firefighter and EMS Quarterly},
date={2004},
volume={7},
number={1}
}

@techreport{LeHavrePPV,
author={University of Le Havre},
title={Positive PRessure Ventilation Airflow Dynamics Research Project}}

@techreport{StottPreston,
author={Stott, Richard},
title={Report on PPV Trials at Oxford Road, Preston, U.K.},
date={10-14 January, 2000}
}

@techreport{BowserFireServiceCollege,
author={Bowser, Turpin, and Sproat},
title={Report of Tactical Ventilation Trials at the Fire Service College, Moreton-in-Marsh},
date={27-31 July 1998}}

@techreport{HomeOfficeRes,
author={Thomas, Martin},
title={Home Office Research into Positive Pressure Ventilation}}

@techreport{AxialTurbine,
author={Lebey, M.M. and Vidor, R.},
title={Development of a Free Jet Generated by an Axial Turbine in an Open Space Applicaiton to Ventilation in Fire Fighting (VFF)}}

@techreport{StottSingleStory,
author={Stott, Richard},
title={Trials to Assess the Effect of Positive Pressure Ventilation on Compartment Fires in Sinfle-Storey Domestic Dwellings},
date={2000}
}

@techreport{UTAustinPPV,
author={Ezekoye, O.A. and Nicks, R.},
title={Positive Pressure Ventilation},
URL={http://www.me.utexas.edu/~ezekoye/rsh.dir/PPV.html},
}

@techreport{Lakshmin,
title={Effects of PPV Attack on Thermal Conditions in a Compartment Downwind of a Fire},
author={Lakshminarasimhan et. al},
date={2005},
}

@conference{KerberWorldSafety,
title={Positive Pressure Ventilation in High-Rise Buildings},
author={Kerber, Stephen},
organization={2007 NFPA World Safety Conference & Exposition},
date={2007}
}

@article{SvenssonVentFFOps,
title={Experimental Study of Fire Ventilation During Fire Fighting Operations},
author={Svensson, Stefan},
journal={Fire Technology},
date={2001},
volume={37}}

@manual{ImplementStrat,
title={An Implementation Strategy for Positive Pressure Ventilation},
author={Garcia, Kriss and Kauffmann, Reinhard}}

@techreport{TuomisaariPPV,
author={Tuomisaari, Maarit},
title={Smoke Ventilation in Operational Fire Fighting},
publisher={Technical Research Centre of Finland},
date={1997}}

@article{GiguereToxicGas,
author={Giguere, Mary et al.},
title={Positive Pressure Ventialtion with Fire Suppression: Effective Reduction of Toxic Gas Exposures},
journal={Applied Occupational Environmental Hygiene Journal},
date={1990},
volume={5},
number={5}}

@techreport{Tyne&Wearauthorless,
title={Tyne & Wear Fire Brigade PPV Trials},
date={1998}}

@conference{Backdraft,
author={Gojkovic, Daniel and Bengtsson, Lasse},
title={Some Theoretical and Practical Aspects on Fire Fighting Tactics in a Backdraft Situation},
organizaiton={Interflam},
date={2001}}

@article{PPVmediumhouse,
author={Ingason, Haukur and Fallberg, Ronny},
title={Positive Pressure Ventilation in Single Medium-Sized Premises},
journal={Fire Technology},
date={2002},
volume={38}}

@articel{PositiveOversight,
author={Routley, J. Gordon, Garcia, Kriss, and Kauffmann, Reinhard},
title={Positive Oversight},
journal={Fire Chief},
date={2006-3-1},
URL={http://firechief.com/mag/firefighting_letters_9}}

@article{GarciaPPVatStructures,
author={Garcia, Kriss},
title={How to Use PPA, PPV at Structure Fires},
journal={Fire Chief},
date={2012-4-9},
URL={http://firechief.com/suppression/tactics/firefighting_pressure_precepts}
}

@article{NegativeThinkingGarcia,
title={The Power of Negative Thinking},
author={Garcia, Kriss},
journal={Fire Rescue},
date={2008-10-1},
URL={www.positivepressureattack.com/pdfs/PowerofNegativeThinking}
}

@article{VaultedCeilingsFFCC,
author={Goldfeder, William},
title={Vaulted Ceilings Lead to Close Call at House Fire},
journal={Firefighter Close Calls},
date={2011-1-27},
URL={http://www.firefighterclosecalls.com/news/fullstory/newsid/127597}}

@article{OpenEyesPPA,
author={Villareal,David},
title={Open Your Eyes to PPA},
journal={Firefighter Nation},
date={2013-3-18},
URL={http://www.firefighternation.com/article/firefighting-operations/open-your-eyes-ppa}}

@article{UnderstandPPAChallenge,
author={Meaker, Mark},
title={Understanding the Challenges of PPV},
journal={Firefighter Nation},
date={2013-3-18},
URL={http://www.fireifhgternation.com/article/firefighting-operations/understanding-challenges-ppv}
}

@article{CambellExtfire,
author={Cambell, Neil},
title={Exterior Fire Attack},
journal={Firefighting in Canada},
URL={http://www.firefightingincanada.com/content/view/13534/213/}}

@manual{SuggestedSOP,
author={Garcia, Kriss},
title={Positive Pressure Attack: Suggested Guidelines for Standard Operating Procedures},
URL={www.positivepressureattack.com/pdfs/PPASampleSOP.pdf}}

@article{BigThreee,
title={Positive Pressure Attack Precautions: The "Big Threee"},
author={Garcia, Kriss and Kauffmann, Reinhard},
URL={www.positivepressureattack.com/ppa_resources}

}

@inbook{TruckCoOps,
author={John Mittendorf},
publisher={PennWell Corporation},
address={Tulsa, OK},
date={2011},
title={Truck Company Operations}}

@inbook{IFSTAESS,
author={International Fire Service Training Association},
title={Essentials of Fire Fighting and Fire Department Operations},
publisher={Brady/Prentice Hall Health},
date={2013},
address={Upper Saddle River, NJ},
edition={6}}

@inbook{FE_FireI_II,
author={Corbett, Glenn},
title={Fire Engineering's Handbook for Firefighter I and II},
publisher={PennWell Corporation},
date={2009},
address={Tulsa, OK}}

@inbook{NormanHandbook,
author={Norman, John},
title={Fire Officer's Handbook of Tactics},
publisher={PennWell Corporation},
date={2005},
address={Tulsa, OK}}

@inbook{NFPA_IAFC,
author={National Fire Protection Association and International Association of Fire Chiefs},
title={Fundamentals of Fire Fighter Skills},
publisher={Jones and Bartlett Publisher},
date={2008},
address={Sudbury, MA},
edition={2}}

@inbook{FFHandbook,
author={Delmar, Cengage Learning},
title={Firefighter's Handbook: Essentials of Firefighting},
publisher={Delmar, Cengage Learning},
date={2008},
address={Clifton Park, NY},
edition={3}}